
@book{dk_book,
  author = {James Durbin and Siem Jan Koopman},
  title = {Time Series Analysis by State Space Methods: Second Edition (Oxford Statistical Science Series)},
  publisher = {Oxford University Press},
  year = {2012},
  ISBN = {019964117X}
}

@article{dk_fast,
  author = {Koopman, S. J. and Durbin, J.},
  title = {Fast Filtering and Smoothing for Multivariate State Space Models},
  journal = {Journal of Time Series Analysis},
  bolume = {21},
  number = {3},
  publisher = {Blackwell Publishers Ltd},
  issn = {1467-9892},
  url = {http://dx.doi.org/10.1111/1467-9892.00186},
  doi = {10.1111/1467-9892.00186},
  pages = {281--296},
  year = {2000},
}

@article{nagakura,
  author = {Daisuke Nagakura},
  title = {Exact Gradient Vector of Loglikelihood for Linear Gaussian State Space Model},
  publisher = {Working Paper},
  year = {2013},
  url = {dx.doi.org/10.2139/ssrn.1634552}
}